@article{bull04,
author = {Bull, J and Pfennig, David and Wang, Ing-Nang},
year = {2004},
month = {03},
pages = {76-82},
title = {Genetic details, optimization and phage life histories},
volume = {19},
journal = {Trends in ecology and evolution},
doi = {10.1016/j.tree.2003.10.008}
}

@article{dennehy04,
author = {Dennehy, John and Turner, Paul},
year = {2004},
month = {11},
pages = {2275-82},
title = {Reduced fecundity is the cost of cheating in RNA virus $\phi$6},
volume = {271},
journal = {Proceedings. Biological sciences / The Royal Society},
doi = {10.1098/rspb.2004.2833}
}



@article{sozou98,
    title = {On hyperbolic discounting and uncertain hazard rates},
    author = {Sozou, Peter},
    year = {1998},
    journal = {Proceedings of the Royal Society of London},
    volume = {265},
    pages = {2015-2020}
}


@misc{fedus19,
      title={Hyperbolic Discounting and Learning over Multiple Horizons},
      author={William Fedus and Carles Gelada and Yoshua Bengio and Marc G. Bellemare and Hugo Larochelle},
      year={2019},
      eprint={1902.06865},
      howpublished = "\url{https://arxiv.org/pdf/1902.06865.pdf}",
      archivePrefix={arXiv},
      primaryClass={stat.ML}
}

@book{stearns92,
    title = {The Evolution of Life Histories},
    author = {Stearns, Stephen C.},
    publisher = {Oxford University Press},
    year = {1992}
}

@article{vantienderen00,
   title = {ELASTICITIES AND THE LINK BETWEEN DEMOGRAPHIC AND EVOLUTIONARY DYNAMICS},
   author = {van Tienderen, Peter H.},
   year = {2000},
   journal = {The Ecological Society of America},
   volume = {81},
   number = {3},
   pages = {666-679}
}

@article{gurven07,
    title = {Longevity among Hunter--Gatherers: A Cross-Cultural Examination},
    author = {Gurven, Michael and Kaplan, Hillard},
    year = {2007},
    month = {June},
    journal = {Population and Development Review},
    volume = {33},
    number = {2},
    pages = {321-365}
}

@article{mazur85,
  title={Probability and delay of reinforcement as factors in discrete-trial choice.},
  author={J. E. Mazur},
  journal={Journal of the experimental analysis of behavior},
  year={1985},
  volume={43 3},
  pages={
          341-51
        }
}

@article{mazur97,
  title={Choice, delay, probability, and conditioned reinforcement},
  author={J. E. Mazur},
  journal={Animal Learning \& Behavior},
  year={1997},
  volume={25},
  pages={131-147}
}

@article{ainslie75,
  title={Specious reward: a behavioral theory of impulsiveness and impulse control.},
  author={G. Ainslie},
  journal={Psychological bulletin},
  year={1975},
  volume={82 4},
  pages={
          463-96
        }
}

@article{green81,
  title={Preference reversal and self control: choice as a function of reward amount and delay},
  author={L. Green and E. Fisher and S. Perlow and L. Sherman},
  year={1981},
  pages={43-51},
  volume={1},
  journal={Behavioural Analysis Letters}
}

@article{green04,
  title={A discounting framework for choice with delayed and probabilistic rewards.},
  author={L. Green and J. Myerson},
  journal={Psychological bulletin},
  year={2004},
  volume={130 5},
  pages={
          769-92
        }
}

@article{maia09,
  title={Reinforcement learning, conditioning, and the brain: Successes and challenges},
  author={T. Maia},
  journal={Cognitive, Affective, \& Behavioral Neuroscience},
  year={2009},
  volume={9},
  pages={343-364}
}

@article{frederick02,
  title={Time Discounting and Time Preference: A Critical Review},
  author={S. Frederick and G. Loewenstein and Ted Oâ€™Donoghue},
  journal={Journal of Economic Literature},
  year={2002},
  volume={40},
  pages={351-401}
}

@article{fawcett12,
  title={When is it adaptive to be patient? A general framework for evaluating delayed rewards},
  author={T. W. Fawcett and J. McNamara and A. Houston},
  journal={Behavioural Processes},
  year={2012},
  volume={89},
  pages={128-136}
}

@article{doyle12,
  title={Survey of Time Preference, Delay Discounting Models},
  author={J. Doyle},
  journal={Microeconomics: Intertemporal Choice \& Growth eJournal},
  year={2012}
}

@book{varian10,
  author = {Varian, Hal R.},
  publisher = {W.W. Norton \& Co.},
  title = {Intermediate Microeconomics: A Modern Approach},
  year = 2010
}

@article{farmer09,
  title={Hyperbolic Discounting is Rational: Valuing the Far Future with Uncertain Discount Rates},
  author={J. Farmer and J. Geanakoplos},
  journal={Environmental Economics eJournal},
  year={2009}
}

@book{doebeli11,
 author = {Michael Doebeli},
 publisher = {Princeton University Press},
 title = {Adaptive Diversification},
 year = {2011}
}


@inproceedings{doebeli05,
  title={WHAT WE HAVE ALSO LEARNED: ADAPTIVE SPECIATION IS THEORETICALLY PLAUSIBLE},
  author={M. Doebeli and U. Dieckmann and J. Metz and D. Tautz},
  booktitle={Evolution; international journal of organic evolution},
  year={2005}
}

@book{wegner02,
        title = {The illusion of conscious will},
        year = {2002},
        publisher = {MIT Press},
        address = {Cambridge, MA},
        author = {Wegner, Daniel M.}
}

@book{gladwell05,
    title = {Blink},
    year = {2005},
    publisher = {Little, Brown and Co.},
    author = {Gladwell, Malcolm}
}

@article{newell14,
  title={Unconscious influences on decision making: A critical review},
  author={B. Newell and D. Shanks},
  journal={Behavioral and Brain Sciences},
  year={2014},
  volume={37},
  pages={1 - 19}
}

@article{strotz55,
  title={Myopia and Inconsistency in Dynamic Utility Maximization},
  author={R. H. Strotz},
  journal={The Review of Economic Studies},
  year={1955},
  volume={23},
  pages={165-180}
}

@article{read98,
  title={Predicting Hunger: The Effects of Appetite and Delay on Choice},
  author={Read, Daniel and Van Leeuwen, Barbara},
  journal={Organizational behavior and human decision processes},
  year={1998},
  volume={76 2},
  pages={
          189-205
        }
}

@article{smith84,
    title={The Evolution of Food Caching by Birds and Mammals},
    author={Smith, C. C. and Reichman, O. J.},
    journal={Annual Review of Ecology and Systematics},
    year={1984},
    volume={15},
    pages={329-351}
}





